@Article{miller2022two,
  author    = {Miller, Tom EX and Compagnoni, Aldo},
  journal   = {The American Naturalist},
  title     = {Two-Sex Demography, Sexual Niche Differentiation, and the Geographic Range Limits of Texas Bluegrass (Poa arachnifera)},
  year      = {2022},
  number    = {1},
  pages     = {17--31},
  volume    = {200},
  publisher = {The University of Chicago Press Chicago, IL},
}

@Article{field2013comparative,
  author    = {Field, David L and Pickup, Melinda and Barrett, Spencer CH},
  journal   = {Evolution},
  title     = {Comparative analyses of sex-ratio variation in dioecious flowering plants},
  year      = {2013},
  number    = {3},
  pages     = {661--672},
  volume    = {67},
  publisher = {Blackwell Publishing Inc Malden, USA},
}

@Article{hultine2016climate,
  author    = {Hultine, Kevin R and Grady, Kevin C and Wood, Troy E and Shuster, Stephen M and Stella, John C and Whitham, Thomas G},
  journal   = {Nature Plants},
  title     = {Climate change perils for dioecious plant species},
  year      = {2016},
  number    = {8},
  pages     = {1--8},
  volume    = {2},
  publisher = {Nature Publishing Group},
}

@Article{a2022species,
  author    = {Lee-Yaw, A. Julie and L. McCune, Jenny and Pironon, Samuel and N. Sheth, Seema},
  journal   = {Ecography},
  title     = {Species distribution models rarely predict the biology of real populations},
  year      = {2022},
  number    = {6},
  pages     = {e05877},
  volume    = {2022},
  publisher = {Wiley Online Library},
}

@Article{merow2017climate,
  author    = {Merow, Cory and Bois, Sarah Treanor and Allen, Jenica M and Xie, Yingying and Silander Jr, John A},
  journal   = {Proceedings of the National Academy of Sciences},
  title     = {Climate change both facilitates and inhibits invasive plant ranges in New England},
  year      = {2017},
  number    = {16},
  pages     = {E3276--E3284},
  volume    = {114},
  publisher = {National Acad Sciences},
}

@Article{burli2022environmental,
  author    = {B\"{u}rli, Sarah and Pannell, John R and Tonnabel, Jeanne},
  journal   = {Oikos},
  title     = {Environmental variation in sex ratios and sexual dimorphism in three wind-pollinated dioecious plant species},
  year      = {2022},
  number    = {6},
  pages     = {e08651},
  volume    = {2022},
  publisher = {Wiley Online Library},
}

@Article{gianuca2019sex,
  author    = {Gianuca, Dimas and Votier, Stephen C and Pardo, Deborah and Wood, Andrew G and Sherley, Richard B and Ireland, Louise and Choquet, Remi and Pradel, Roger and Townley, Stuart and Forcada, Jaume and others},
  journal   = {Journal of Animal Ecology},
  title     = {Sex-specific effects of fisheries and climate on the demography of sexually dimorphic seabirds},
  year      = {2019},
  number    = {9},
  pages     = {1366--1378},
  volume    = {88},
  publisher = {Wiley Online Library},
}

@Article{Reed2021,
  author    = {Reed, Paul B and Bridgham, Scott D and Pfeifer-Meister, Laurel E and DeMarche, Megan L and Johnson, Bart R and Roy, Bitty A and Bailes, Graham T and Nelson, Aaron A and Morris, William F and Doak, Daniel F},
  journal   = {Ecology},
  title     = {Climate warming threatens the persistence of a community of disturbance-adapted native annual plants},
  year      = {2021},
  number    = {10},
  pages     = {e03464},
  volume    = {102},
  publisher = {Wiley Online Library},
}

@Article{Adler2008,
  author    = {Adler, Peter B and HilleRisLambers, Janneke},
  journal   = {Ecology},
  title     = {The influence of climate and species composition on the population dynamics of ten prairie forbs},
  year      = {2008},
  number    = {11},
  pages     = {3049--3060},
  volume    = {89},
  publisher = {Wiley Online Library},
}

@Article{dalgleish2011climate,
  author    = {Dalgleish, Harmony J and Koons, David N and Hooten, Mevin B and Moffet, Corey A and Adler, Peter B},
  journal   = {Ecology},
  title     = {Climate influences the demography of three dominant sagebrush steppe plants},
  year      = {2011},
  number    = {1},
  pages     = {75--85},
  volume    = {92},
  publisher = {Wiley Online Library},
}

@Article{greiser2020climate,
  author    = {Greiser, Caroline and Hylander, Kristoffer and Meineri, Eric and Luoto, Miska and Ehrl{\'e}n, Johan},
  journal   = {Ecography},
  title     = {Climate limitation at the cold edge: contrasting perspectives from species distribution modelling and a transplant experiment},
  year      = {2020},
  number    = {5},
  pages     = {637--647},
  volume    = {43},
  publisher = {Wiley Online Library},
}

@Article{williams2015life,
  author    = {Williams, Jennifer L and Jacquemyn, Hans and Ochocki, Brad M and Brys, Rein and Miller, Tom EX},
  journal   = {Journal of Ecology},
  title     = {Life history evolution under climate change and its influence on the population dynamics of a long-lived plant},
  year      = {2015},
  number    = {4},
  pages     = {798--808},
  volume    = {103},
  publisher = {Wiley Online Library},
}

@Article{reed2021climate,
  author    = {Reed, Paul B and Peterson, Megan L and Pfeifer-Meister, Laurel E and Morris, William F and Doak, Daniel F and Roy, Bitty A and Johnson, Bart R and Bailes, Graham T and Nelson, Aaron A and Bridgham, Scott D},
  journal   = {Journal of Ecology},
  title     = {Climate manipulations differentially affect plant population dynamics within versus beyond northern range limits},
  year      = {2021},
  number    = {2},
  pages     = {664--675},
  volume    = {109},
  publisher = {Wiley Online Library},
}

@Article{bruijning2017surviving,
  author    = {Bruijning, Marjolein and Visser, Marco D and Muller-Landau, Helene C and Wright, S Joseph and Comita, Liza S and Hubbell, Stephen P and de Kroon, Hans and Jongejans, Eelke},
  journal   = {The American Naturalist},
  title     = {Surviving in a cosexual world: A cost-benefit analysis of dioecy in tropical trees},
  year      = {2017},
  number    = {3},
  pages     = {297--314},
  volume    = {189},
  publisher = {University of Chicago Press Chicago, IL},
}

@article{Fisher1930,
author    = {Fisher, R. A.},
title = {The genetical theory of natural selection},
year = {1930},
}

@Article{morrison2016causes,
  author    = {Morrison, Catriona A and Robinson, Robert A and Clark, Jacquie A and Gill, Jennifer A},
  journal   = {Journal of Animal Ecology},
  title     = {Causes and consequences of spatial variation in sex ratios in a declining bird species},
  year      = {2016},
  number    = {5},
  pages     = {1298--1306},
  volume    = {85},
  publisher = {Wiley Online Library},
}

@Article{petry2016sex,
  author    = {Petry, William K and Soule, Judith D and Iler, Amy M and Chicas-Mosier, Ana and Inouye, David W and Miller, Tom EX and Mooney, Kailen A},
  journal   = {Science},
  title     = {Sex-specific responses to climate change in plants alter population sex ratio and performance},
  year      = {2016},
  number    = {6294},
  pages     = {69--71},
  volume    = {353},
  publisher = {American Association for the Advancement of Science},
}

@Article{Tognetti2012,
  author  = {Tognetti, Roberto},
  journal = {Tree Physiology},
  title   = {{Adaptation to climate change of dioecious plants: does gender balance matter?}},
  year    = {2012},
  issn    = {0829-318X},
  month   = {11},
  number  = {11},
  pages   = {1321-1324},
  volume  = {32},
  doi     = {10.1093/treephys/tps105},
  eprint  = {https://academic.oup.com/treephys/article-pdf/32/11/1321/4642632/tps105.pdf},
  url     = {https://doi.org/10.1093/treephys/tps105},
}

@Article{jones1999sex,
  author    = {Jones, Michael H and Macdonald, S Ellen and Henry, Gregory HR},
  journal   = {Oikos},
  title     = {Sex-and habitat-specific responses of a high arctic willow, Salix arctica, to experimental climate change},
  year      = {1999},
  pages     = {129--138},
  publisher = {JSTOR},
}

@Article{elith2009species,
  author    = {Elith, Jane and Leathwick, John R},
  journal   = {Annual review of ecology, evolution, and systematics},
  title     = {Species distribution models: ecological explanation and prediction across space and time},
  year      = {2009},
  pages     = {677--697},
  volume    = {40},
  publisher = {Annual Reviews},
}

@Article{freeman1976differential,
  author    = {Freeman, D Carl and Klikoff, Lionel G and Harper, Kimball T},
  journal   = {Science},
  title     = {Differential resource utilization by the sexes of dioecious plants},
  year      = {1976},
  number    = {4253},
  pages     = {597--599},
  volume    = {193},
  publisher = {American Association for the Advancement of Science},
}

@Article{peterson2015mechanistic,
  author    = {Peterson, A Townsend and Pape{\c{s}}, Monica and Sober{\'o}n, Jorge},
  title     = {Mechanistic and correlative models of ecological niches},
  year      = {2015},
  publisher = {De Gruyter Open},
}

@Article{porter2010modeling,
  author    = {Porter, WP and Ostrowski, S and Williams, JB},
  journal   = {Physiological and Biochemical Zoology},
  title     = {Modeling animal landscapes},
  year      = {2010},
  number    = {5},
  pages     = {705--712},
  volume    = {83},
  publisher = {The University of Chicago Press},
}

@Article{compagnoni2017can,
  author    = {Compagnoni, Aldo and Steigman, Kenneth and Miller, Tom EX},
  journal   = {Proceedings of the Royal Society B: Biological Sciences},
  title     = {Can't live with them, can't live without them? Balancing mating and competition in two-sex populations},
  year      = {2017},
  number    = {1865},
  pages     = {20171999},
  volume    = {284},
  publisher = {The Royal Society},
}

@Article{kearney2009mechanistic,
  author    = {Kearney, Michael and Porter, Warren},
  journal   = {Ecology letters},
  title     = {Mechanistic niche modelling: combining physiological and spatial data to predict speciesâ€™ ranges},
  year      = {2009},
  number    = {4},
  pages     = {334--350},
  volume    = {12},
  publisher = {Wiley Online Library},
}

@Article{daley2006interspecific,
  author    = {Daley, Michael J and Phillips, Nathan G},
  journal   = {Tree physiology},
  title     = {Interspecific variation in nighttime transpiration and stomatal conductance in a mixed New England deciduous forest},
  year      = {2006},
  number    = {4},
  pages     = {411--419},
  volume    = {26},
  publisher = {Heron Publishing},
}

@Article{vehtari2017practical,
  author    = {Vehtari, Aki and Gelman, Andrew and Gabry, Jonah},
  journal   = {Statistics and computing},
  title     = {Practical Bayesian model evaluation using leave-one-out cross-validation and WAIC},
  year      = {2017},
  pages     = {1413--1432},
  volume    = {27},
  publisher = {Springer},
}

@Article{czachura2020demographic,
  author    = {Czachura, Kevin and Miller, Tom EX},
  journal   = {Journal of Ecology},
  title     = {Demographic back-casting reveals that subtle dimensions of climate change have strong effects on population viability},
  year      = {2020},
  number    = {6},
  pages     = {2557--2570},
  volume    = {108},
  publisher = {Wiley Online Library},
}

@Book{caswell2000matrix,
  author    = {Caswell, Hal},
  publisher = {Sinauer Sunderland, MA},
  title     = {Matrix population models},
  year      = {2000},
  volume    = {1},
}

@Article{caswell1989analysis,
  author    = {Caswell, Hal},
  journal   = {Ecological Modelling},
  title     = {Analysis of life table response experiments I. Decomposition of effects on population growth rate},
  year      = {1989},
  number    = {3-4},
  pages     = {221--237},
  volume    = {46},
  publisher = {Elsevier},
}

@Misc{rstan,
  author = {{Stan Development Team}},
  note   = {R package version 2.21.8},
  title  = {{RStan}: the {R} interface to {Stan}},
  year   = {2023},
  url    = {https://mc-stan.org/},
}

@Article{benito2019deltatrait,
  author    = {Benito Garz{\'o}n, Marta and Robson, T Matthew and Hampe, Arndt},
  journal   = {New Phytologist},
  title     = {$\Delta$Trait SDMs: species distribution models that account for local adaptation and phenotypic plasticity},
  year      = {2019},
  number    = {4},
  pages     = {1757--1765},
  volume    = {222},
  publisher = {Wiley Online Library},
}

@Article{karger2017climatologies,
  author    = {Karger, Dirk Nikolaus and Conrad, Olaf and B{\"o}hner, J{\"u}rgen and Kawohl, Tobias and Kreft, Holger and Soria-Auza, Rodrigo Wilber and Zimmermann, Niklaus E and Linder, H Peter and Kessler, Michael},
  journal   = {Scientific data},
  title     = {Climatologies at high resolution for the earthâ€™s land surface areas},
  year      = {2017},
  number    = {1},
  pages     = {1--20},
  volume    = {4},
  publisher = {Nature Publishing Group},
}

@Manual{RCoreteam,
  title        = {R: A Language and Environment for Statistical Computing},
  address      = {Vienna, Austria},
  author       = {{R Core Team}},
  organization = {R Foundation for Statistical Computing},
  year         = {2023},
  url          = {https://www.R-project.org/},
}

@Book{hitchcock1971manual,
  author    = {Hitchcock, Albert Spear},
  publisher = {Courier Corporation},
  title     = {Manual of the grasses of the United States},
  year      = {1971},
  volume    = {2},
}

@Article{kindiger2004interspecific,
  author    = {Kindiger, Bryan},
  journal   = {Journal of New Seeds},
  title     = {Interspecific hybrids of Poa arachnifera$\times$ Poa secunda},
  year      = {2004},
  number    = {1},
  pages     = {1--26},
  volume    = {6},
  publisher = {Taylor \& Francis},
}

@Article{o2017roads,
  author    = {Oâ€™Neill, Brian C and Kriegler, Elmar and Ebi, Kristie L and Kemp-Benedict, Eric and Riahi, Keywan and Rothman, Dale S and Van Ruijven, Bas J and Van Vuuren, Detlef P and Birkmann, Joern and Kok, Kasper and others},
  journal   = {Global environmental change},
  title     = {The roads ahead: Narratives for shared socioeconomic pathways describing world futures in the 21st century},
  year      = {2017},
  pages     = {169--180},
  volume    = {42},
  publisher = {Elsevier},
}

@Article{brun2022global,
  author    = {Brun, Philipp and Zimmermann, Niklaus E and Hari, Chantal and Pellissier, Lo{\"\i}c and Karger, Dirk Nikolaus},
  journal   = {Earth System Science Data},
  title     = {Global climate-related predictors at kilometer resolution for the past and future},
  year      = {2022},
  number    = {12},
  pages     = {5573--5603},
  volume    = {14},
  publisher = {Copernicus GmbH},
}

@Article{evans2016towards,
  author    = {Evans, Margaret EK and Merow, Cory and Record, Sydne and McMahon, Sean M and Enquist, Brian J},
  journal   = {Trends in Ecology \& Evolution},
  title     = {Towards process-based range modeling of many species},
  year      = {2016},
  number    = {11},
  pages     = {860--871},
  volume    = {31},
  publisher = {Elsevier},
}

@Article{cipollini1994sexual,
  author    = {Cipollini, Martin L and Whigham, Dennis F},
  journal   = {American Journal of Botany},
  title     = {Sexual dimorphism and cost of reproduction in the dioecious shrub Lindera benzoin (Lauraceae)},
  year      = {1994},
  number    = {1},
  pages     = {65--75},
  volume    = {81},
  publisher = {Wiley Online Library},
}

@Article{piironen2017comparison,
  author    = {Piironen, Juho and Vehtari, Aki},
  journal   = {Statistics and Computing},
  title     = {Comparison of Bayesian predictive methods for model selection},
  year      = {2017},
  pages     = {711--735},
  volume    = {27},
  publisher = {Springer},
}

@Article{zhao2012sex,
  author    = {Zhao, Hongxia and Li, Yongping and Zhang, Xiaolu and Korpelainen, Helena and Li, Chunyang},
  journal   = {Tree Physiology},
  title     = {Sex-related and stage-dependent source-to-sink transition in Populus cathayana grown at elevated CO 2 and elevated temperature},
  year      = {2012},
  number    = {11},
  pages     = {1325--1338},
  volume    = {32},
  publisher = {Oxford University Press},
}

@Article{davis2001range,
  author    = {Davis, Margaret B and Shaw, Ruth G},
  journal   = {Science},
  title     = {Range shifts and adaptive responses to Quaternary climate change},
  year      = {2001},
  number    = {5517},
  pages     = {673--679},
  volume    = {292},
  publisher = {American Association for the Advancement of Science},
}

@Article{pease1989model,
  author    = {Pease, Craig M and Lande, Russell and Bull, JJ},
  journal   = {Ecology},
  title     = {A model of population growth, dispersal and evolution in a changing environment},
  year      = {1989},
  number    = {6},
  pages     = {1657--1664},
  volume    = {70},
  publisher = {Wiley Online Library},
}

@Article{woitowich202010,
  author    = {Woitowich, Nicole C and Beery, Annaliese and Woodruff, Teresa},
  journal   = {Elife},
  title     = {A 10-year follow-up study of sex inclusion in the biological sciences},
  year      = {2020},
  pages     = {e56344},
  volume    = {9},
  publisher = {eLife Sciences Publications, Ltd},
}

@Article{gissi2023exploring,
  author    = {Gissi, Elena and Schiebinger, Londa and Hadly, Elizabeth A and Crowder, Larry B and Santoleri, Rosalia and Micheli, Fiorenza},
  journal   = {nature communications},
  title     = {Exploring climate-induced sex-based differences in aquatic and terrestrial ecosystems to mitigate biodiversity loss},
  year      = {2023},
  number    = {1},
  pages     = {4787},
  volume    = {14},
  publisher = {Nature Publishing Group UK London},
}

@Article{eberhart2017sex,
  author    = {Eberhart-Phillips, Luke J and K{\"u}pper, Clemens and Miller, Tom EX and Cruz-L{\'o}pez, Medardo and Maher, Kathryn H and Dos Remedios, Natalie and Stoffel, Martin A and Hoffman, Joseph I and Kr{\"u}ger, Oliver and Sz{\'e}kely, Tam{\'a}s},
  journal   = {Proceedings of the National Academy of Sciences},
  title     = {Sex-specific early survival drives adult sex ratio bias in snowy plovers and impacts mating system and population growth},
  year      = {2017},
  number    = {27},
  pages     = {E5474--E5481},
  volume    = {114},
  publisher = {National Acad Sciences},
}

@Article{gamelon2017interactions,
  author    = {Gamelon, Marl{\`e}ne and Gr{\o}tan, Vidar and Nilsson, Anna LK and Engen, Steinar and Hurrell, James W and Jerstad, Kurt and Phillips, Adam S and R{\o}stad, Ole W and Slagsvold, Tore and Walseng, Bj{\o}rn and others},
  journal   = {Science Advances},
  title     = {Interactions between demography and environmental effects are important determinants of population dynamics},
  year      = {2017},
  number    = {2},
  pages     = {e1602298},
  volume    = {3},
  publisher = {American Association for the Advancement of Science},
}

@Article{gissi2023sex,
  author    = {Gissi, Elena and Schiebinger, Londa and Santoleri, Rosalia and Micheli, Fiorenza},
  journal   = {Frontiers in Ecology and the Environment},
  title     = {Sex analysis in marine biological systems: insights and opportunities},
  year      = {2023},
  publisher = {Wiley Online Library},
}

@Article{bertrand2011changes,
  author    = {Bertrand, Romain and Lenoir, Jonathan and Piedallu, Christian and Riofr{\'\i}o-Dillon, Gabriela and De Ruffray, Patrice and Vidal, Claude and Pierrat, Jean-Claude and G{\'e}gout, Jean-Claude},
  journal   = {Nature},
  title     = {Changes in plant community composition lag behind climate warming in lowland forests},
  year      = {2011},
  number    = {7374},
  pages     = {517--520},
  volume    = {479},
  publisher = {Nature Publishing Group UK London},
}

@Article{ellis2017does,
  author    = {Ellis, Robert P and Davison, William and Queir{\'o}s, Ana M and Kroeker, Kristy J and Calosi, Piero and Dupont, Sam and Spicer, John I and Wilson, Rod W and Widdicombe, Steve and Urbina, Mauricio A},
  journal   = {Biology letters},
  title     = {Does sex really matter? Explaining intraspecies variation in ocean acidification responses},
  year      = {2017},
  number    = {2},
  pages     = {20160761},
  volume    = {13},
  publisher = {The Royal Society},
}

@Article{pottier2021sexual,
  author    = {Pottier, Patrice and Burke, Samantha and Drobniak, Szymon M and Lagisz, Malgorzata and Nakagawa, Shinichi},
  journal   = {Functional Ecology},
  title     = {Sexual (in) equality? A meta-analysis of sex differences in thermal acclimation capacity across ectotherms},
  year      = {2021},
  number    = {12},
  pages     = {2663--2678},
  volume    = {35},
  publisher = {Wiley Online Library},
}

@Article{sasaki2019complex,
  author    = {Sasaki, Matthew and Hedberg, Sydney and Richardson, Kailin and Dam, Hans G},
  journal   = {Royal Society open science},
  title     = {Complex interactions between local adaptation, phenotypic plasticity and sex affect vulnerability to warming in a widespread marine copepod},
  year      = {2019},
  number    = {3},
  pages     = {182115},
  volume    = {6},
  publisher = {The Royal Society},
}

@Article{welbergen2008climate,
  author    = {Welbergen, Justin A and Klose, Stefan M and Markus, Nicola and Eby, Peggy},
  journal   = {Proceedings of the Royal Society B: Biological Sciences},
  title     = {Climate change and the effects of temperature extremes on Australian flying-foxes},
  year      = {2008},
  number    = {1633},
  pages     = {419--425},
  volume    = {275},
  publisher = {The Royal Society London},
}

@Misc{schwinning2022common,
  author    = {Schwinning, Susanne and Lortie, Christopher J and Esque, Todd C and DeFalco, Lesley A},
  title     = {What common-garden experiments tell us about climate responses in plants},
  year      = {2022},
  journal   = {Journal of Ecology},
  number    = {5},
  pages     = {986--996},
  publisher = {Wiley Online Library},
  volume    = {110},
}

@Article{sanderson2015representative,
  author    = {Sanderson, Benjamin M and Knutti, Reto and Caldwell, Peter},
  journal   = {Journal of Climate},
  title     = {A representative democracy to reduce interdependency in a multimodel ensemble},
  year      = {2015},
  number    = {13},
  pages     = {5171--5194},
  volume    = {28},
  publisher = {American Meteorological Society},
}

@Article{karger2020high,
  author    = {Karger, Dirk Nikolaus and Schmatz, Dirk R and Dettling, Gabriel and Zimmermann, Niklaus E},
  journal   = {Scientific data},
  title     = {High-resolution monthly precipitation and temperature time series from 2006 to 2100},
  year      = {2020},
  number    = {1},
  pages     = {248},
  volume    = {7},
  publisher = {Nature Publishing Group UK London},
}

@Article{thomson2011rcp4,
  author    = {Thomson, Allison M and Calvin, Katherine V and Smith, Steven J and Kyle, G Page and Volke, April and Patel, Pralit and Delgado-Arias, Sabrina and Bond-Lamberty, Ben and Wise, Marshall A and Clarke, Leon E and others},
  journal   = {Climatic change},
  title     = {RCP4. 5: a pathway for stabilization of radiative forcing by 2100},
  year      = {2011},
  pages     = {77--94},
  volume    = {109},
  publisher = {Springer},
}

@Article{schwalm2020rcp8,
  author    = {Schwalm, Christopher R and Glendon, Spencer and Duffy, Philip B},
  journal   = {Proceedings of the National Academy of Sciences},
  title     = {RCP8. 5 tracks cumulative CO2 emissions},
  year      = {2020},
  number    = {33},
  pages     = {19656--19657},
  volume    = {117},
  publisher = {National Acad Sciences},
}

@Article{sexton2009evolution,
  author    = {Sexton, Jason P and McIntyre, Patrick J and Angert, Amy L and Rice, Kevin J},
  journal   = {Annu. Rev. Ecol. Evol. Syst.},
  title     = {Evolution and ecology of species range limits},
  year      = {2009},
  pages     = {415--436},
  volume    = {40},
  publisher = {Annual Reviews},
}

@Article{smith2024extreme,
  author    = {Smith, Melinda D and Wilkins, Kate D and Holdrege, Martin C and Wilfahrt, Peter and Collins, Scott L and Knapp, Alan K and Sala, Osvaldo E and Dukes, Jeffrey S and Phillips, Richard P and Yahdjian, Laura and others},
  journal   = {Proceedings of the National Academy of Sciences},
  title     = {Extreme drought impacts have been underestimated in grasslands and shrublands globally},
  year      = {2024},
  number    = {4},
  pages     = {e2309881120},
  volume    = {121},
  publisher = {National Acad Sciences},
}

@Article{dalgleish2011climate,
  author    = {Dalgleish, Harmony J and Koons, David N and Hooten, Mevin B and Moffet, Corey A and Adler, Peter B},
  journal   = {Ecology},
  title     = {Climate influences the demography of three dominant sagebrush steppe plants},
  year      = {2011},
  number    = {1},
  pages     = {75--85},
  volume    = {92},
  publisher = {Wiley Online Library},
}

@Article{dryaddata,
  author  = {Miller, TEX and Compagnoni, A},
  journal = {American Naturalist, Dryad Digital Repository,},
  title   = {Data from: Two-sex demography, sexual niche differentiation, and the geographic range limits of Texas bluegrass (\textit{Poa arachnifera})},
  year    = {2022},
  note    = {https://doi.org/10.5061/dryad.kkwh70s5x},
}

@Article{hernandez2023exact,
  author    = {Hern{\'a}ndez, Christina M and Ellner, Stephen P and Adler, Peter B and Hooker, Giles and Snyder, Robin E},
  journal   = {Methods in Ecology and Evolution},
  title     = {An exact version of Life Table Response Experiment analysis, and the R package exactLTRE},
  year      = {2023},
  number    = {3},
  pages     = {939--951},
  volume    = {14},
  publisher = {Wiley Online Library},
}

@Article{ellner2016data,
  author    = {Ellner, Stephen P and Childs, Dylan Z and Rees, Mark and others},
  journal   = {A practical guide to the Integral Projection Model. Cham: Springer},
  title     = {Data-driven modelling of structured populations},
  year      = {2016},
  publisher = {Springer},
}

@Article{liaw2002classification,
  author  = {Liaw, Andy and Wiener, Matthew and others},
  journal = {R news},
  title   = {Classification and regression by randomForest},
  year    = {2002},
  number  = {3},
  pages   = {18--22},
  volume  = {2},
}

@Article{leicht2007comparative,
  author    = {Leicht-Young, Stacey A and Silander, John A and Latimer, Andrew M},
  journal   = {Oecologia},
  title     = {Comparative performance of invasive and native Celastrus species across environmental gradients},
  year      = {2007},
  pages     = {273--282},
  volume    = {154},
  publisher = {Springer},
}

@Article{louthan2022climate,
  author    = {Louthan, Allison M and Keighron, Melina and Kiekebusch, Elsita and Cayton, Heather and Terando, Adam and Morris, William F},
  journal   = {Ecological Monographs},
  title     = {Climate change weakens the impact of disturbance interval on the growth rate of natural populations of Venus flytrap},
  year      = {2022},
  number    = {4},
  pages     = {e1528},
  volume    = {92},
  publisher = {Wiley Online Library},
}

@Article{dahlgren2016demography,
  author    = {Dahlgren, Johan P and Bengtsson, Karin and Ehrl{\'e}n, Johan},
  journal   = {Ecology},
  title     = {The demography of climate-driven and density-regulated population dynamics in a perennial plant},
  year      = {2016},
  number    = {4},
  pages     = {899--907},
  volume    = {97},
  publisher = {Wiley Online Library},
}

@Article{lee2016synthesis,
  author    = {Lee-Yaw, Julie A and Kharouba, Heather M and Bontrager, Megan and Mahony, Colin and Cserg{\H{o}}, Anna M{\'a}ria and Noreen, Annika ME and Li, Qin and Schuster, Richard and Angert, Amy L},
  journal   = {Ecology letters},
  title     = {A synthesis of transplant experiments and ecological niche models suggests that range limits are often niche limits},
  year      = {2016},
  number    = {6},
  pages     = {710--722},
  volume    = {19},
  publisher = {Wiley Online Library},
}

@Article{o2024nonlinear,
  author    = {O'Connell, Ryan D and Doak, Daniel F and Horvitz, Carol C and Pascarella, John B and Morris, William F},
  journal   = {Ecology Letters},
  title     = {Nonlinear life table response experiment analysis: Decomposing nonlinear and nonadditive population growth responses to changes in environmental drivers},
  year      = {2024},
  number    = {3},
  pages     = {e14417},
  volume    = {27},
  publisher = {Wiley Online Library},
}

@Article{iler2019reproductive,
  author    = {Iler, Amy M and Compagnoni, Aldo and Inouye, David W and Williams, Jennifer L and CaraDonna, Paul J and Anderson, Aaron and Miller, Tom EX},
  journal   = {Journal of Ecology},
  title     = {Reproductive losses due to climate change-induced earlier flowering are not the primary threat to plant population viability in a perennial herb},
  year      = {2019},
  number    = {4},
  pages     = {1931--1943},
  volume    = {107},
  publisher = {Wiley Online Library},
}

@Article{morrison2007demographic,
  author    = {Morrison, Shawn F and Hik, David S},
  journal   = {Journal of Animal ecology},
  title     = {Demographic analysis of a declining pika Ochotona collaris population: linking survival to broad-scale climate patterns via spring snowmelt patterns},
  year      = {2007},
  pages     = {899--907},
  publisher = {JSTOR},
}

@Article{diez2014probabilistic,
  author    = {Diez, Jeffrey M and Giladi, Itamar and Warren, Robert and Pulliam, H Ronald},
  journal   = {Journal of ecology},
  title     = {Probabilistic and spatially variable niches inferred from demography},
  year      = {2014},
  number    = {2},
  pages     = {544--554},
  volume    = {102},
  publisher = {Wiley Online Library},
}

@Comment{jabref-meta: databaseType:bibtex;}

@Comment{jabref-meta: fileDirectoryLatex-jm200-W7H2KJQ0RT:/Users/jm200/Library/CloudStorage/Dropbox/Miller Lab/github/POAR-Forecasting/Manuscript;}
